4692 5584
1023 597 1128 672 24

1601 795 1822 872 Non·
1857 787 2363 868 obstantibus
2388 795 2400 805 “’
2407 793 2573 892 pice
2624 796 3038 866 memoriae
3094 791 3510 892 Bonifacii
3551 793 3815 896 Papae
3874 797 4113 882 VIII,

1341 931 1600 1010 etiam
1655 927 2258 1028 proedecessoris
2311 927 2619 1005 nostri,
2710 952 2888 1026 quae
2921 929 3237 1026 incipit
3300 927 3451 1000 sibi
3512 943 3808 1002 contra
3884 957 4118 1031 quos,

1340 1078 1427 1138 et
1481 1059 1880 1165 quibusvis
1953 1057 2136 1133 aliis
2199 1057 2662 1160 apostolicis
2734 1058 3436 1158 constitutionibus
3504 1077 3589 1134 et
3637 1063 4120 1138 ordinatio·

1341 1195 1574 1273 nibus
1654 1218 1762 1268 ac
1836 1191 2363 1291 synodalibus
2432 1207 2518 1264 et
2591 1192 3115 1295 generalibus
3198 1194 3601 1275 conciliis,
3684 1221 3875 1271 -nec
3951 1224 4123 1274 non

1337 1331 1651 1408 Nostris
1717 1351 1823 1400 ac
1901 1326 2498 1429 quibuscunque
2575 1324 3123 1403 Cancellarice
3202 1327 3669 1428 apostolicoe
3745 1327 4110 1431 regulis&

1335 1488 1494 1562 pro
1557 1477 1927 1560 tempore
1963 1461 2281 1552 editis„
2378 1485 2529 1533 nec
2591 1485 2761 1532 non
2824 1459 3228 1560 quibusvis
3280 1459 3730 1562 privilegiis
3741 1517 3774 1553 ,
3855 1463 4125 1538 indul·

1343 1599 1486 1687 tis,
1555 1590 2190 1675 exemtionibm,
2231 1590 2797 1690 facultatibus
2838 1607 2922 1665 et
2951 1594 3243 1667 litteris
3284 1590 3798 1692 apostolicis,
3866 1601 4124 1672 etiam

1335 1733 1433 1804 in
1473 1726 1773 1825 forma
1840 1726 2104 1800 brevis
2169 1743 2253 1799 et
2281 1729 2534 1798 -mari
2596 1750 2902 1826 magno
2980 1731 3471 1825 nuncupatis
3484 1775 3523 1804 ,
3642 1752 3751 1799 ac
3822 1730 4129 1829 confes·

1347 1859 1860 1942 sionalibus&
1912 1885 2070 1961 per
2123 1857 2633 1960 quoscunque
2682 1883 3069 1954 romanos
3114 1857 3549 1958 pontifices
3598 1860 4127 1958 praedecesso-

1345 1965 1473 2070 res
1525 1997 1860 2074 Nostros
1909 2017 2014 2067 ac
2049 1995 2221 2071 Nos
2266 2011 2351 2066 et
2392 1992 2684 2092 Sedem
2742 1992 3237 2092 proedictam
3292 1989 3884 2093 quibuscunque
3942 2019 4134 2094 pen-

1350 2111 1563 2206 sonis
1613 2163 1723 2184 --
1779 2129 2036 2199 etiam
2094 2125 2328 2200 laicis
2394 2143 2477 2199 et
2536 2123 3088 2199 ecclesiasticis
3140 2140 3320 2199 tam
3351 2125 3843 2202 secularibus
3877 2153 4133 2230 quam

1349 2262 1811 2360 quorumvis
1937 2259 2322 2332 ordinum
2426 2255 2931 2360 regularibus
3034 2264 3568 2358 cujuscunque
3670 2259 4125 2362 dignitatis,

1351 2391 1661 2469 statas,
1710 2388 2076 2489 gradus,
2134 2390 2442 2492 ordinis
2490 2390 2635 2490 vel
2686 2392 3177 2464 conditionis
3234 2391 3757 2498 existentibus
3808 2411 3893 2464 et
3934 2415 4130 2493 qua·

1355 2548 1703 2624 cunque,
1769 2526 2024 2596 etiam
2055 2519 2534 2622 Episcopali
2544 2571 2579 2603 ,.
2640 2523 3335 2626 Archiepiscopali
3392 2541 3543 2596 aut
3606 2532 3895 2626 quavis
3952 2526 4135 2600 alia

1349 2661 1672 2755 majore
1736 2656 2198 2756 dignitate,
2263 2657 2521 2726 etiam
2590 2653 3189 2728 cardinalatus
3250 2655 3591 2747 honore,
3669 2682 3815 2730 >seu
3872 2661 4131 2732 etiam

1357 2791 1850 2870 mundana,
1966 2784 2434 2885 imperiali,
2562 2787 2861 2885 regali,
2984 2787 3337 2887 reginali
3388 2804 3541 2860 aut
3604 2793 3894 2887 quavis
3950 2790 4133 2863 alia

1363 2925 1870 3024 auctoritate
1915 2943 2054 2992 seu
2115 2916 2607 2994 excellentia
2649 2917 3229 3020 fungentibus,
3347 2923 3607 2992 etiam
3668 2921 3978 2996 Nostris
4050 2937 4134 2996 et

1360 3055 1610 3136 diota
1663 3054 1892 3130 Sedis
1949 3054 2285 3130 Nunciis
2352 3053 2611 3127 ctiam
2674 3077 2857 3126 cum
2912 3067 3332 3148 potestate
3392 3053 3695 3152 Legati
3760 3055 3869 3126 de
3929 3053 4137 3128 late'·

1357 3184 1522 3262 1·ῶὸ
1571 3203 1752 3270 ,aut
1815 3189 2075 3265 etiam
2133 3187 2520 3286 Regentis
2586 3181 2699 3256 de
2756 3181 3099 3257 later-⁶⁰⁷
3162 3206 3267 3255 ac
3330 3209 3636 3284 magno
3698 3186 4136 3260 Poeniten·

1359 3316 1720 3406 tiariooe..
1771 3345 1932 3396 nec
1983 3344 2153 3395 non
2221 3321 2608 3392 cruciatae
2672 3332 2757 3390 et
2811 3313 3214 3415 quibusvis
3270 3319 3527 3389 etiam
3574 3317 3819 3390 dictoe
3857 3319 3951 3392 S.·
3985 3319 4138 3395 Pe-
4202 3397 4213 3412 ‚

1337 3456 1474 3526 'tri
1535 3451 1888 3526 basilicae
1953 3467 2038 3524 et
2105 3445 2447 3520 ecclesiis
2524 3473 2629 3521 ac
2692 3473 2979 3522 earum
3023 3447 3424 3545 fabricis,
3536 3474 3689 3524 nec
3766 3476 3935 3525 non
4002 3451 4139 3528 ho·

1363 3581 1784 3683 spitalibus
1849 3598 1934 3656 et
1999 3579 2178 3654 aliis
2232 3595 2427 3660 tam.
2471 3580 2629 3678 piis
2678 3601 2943 3679 ‚quam
3006 3605 3175 3654 non
3226 3587 3387 3681 piis
3461 3583 3701 3665 locis,
3829 3585 4136 3660 ordini·-

1365 3713 1546 3807 bus,
1612 3709 2377 3816 congregationibus
2435 3727 2518 3786 et
2560 3714 2994 3793 ministris,
3026 3739 3205 3788 nec
3246 3740 3411 3789 non
3447 3715 3847 3816 quibusvis
3880 3721 4137 3792 etiam

1367 3851 1613 3924 dictoe
1687 3849 1928 3922 curioe
1963 3863 2174 3954 fam
2235 3847 2673 3921 ordinariis
2727 3869 2979 3946 quam
3038 3847 3439 3948 delegatis
3486 3848 3929 3947 judicibus,
3989 3847 4133 3924 sub

1363 3980 1956 4084 quibuscunque
2022 3977 2475 4055 tenoribus.
2508 3995 2592 4051 et
2634 3978 2939 4075 formis
3000 4004 3106 4050 ac
3178 4005 3360 4052 cum
3414 3981 3819 4081 quibusvis
3874 3983 4135 4055 etiam

1365 4116 2082 4216 derogatoriarum
2143 4113 2745 4210 derogatoriis,
2850 4109 3034 4182 aliis
3090 4107 3671 4208 efficacioribus
3728 4129 3812 4188 et
3872 4111 4141 4206 insoli-

1375 4249 1483 4320 tis
1551 4241 1970 4326 clausula,
2083 4265 2236 4317 nec
2295 4265 2465 4314 noa
2520 4239 3035 4315 irritantibus
3092 4259 3177 4316 et
3232 4244 3417 4318 aliis
3472 4246 3815 4320 decretis
3882 4250 4143 4320 etiam

1377 4395 1608 4458 motu
1661 4379 1992 4478 proprio
2061 4390 2215 4452 aut
2281 4401 2387 4448 ex
2438 4389 2667 4448 certa
2722 4378 3066 4448 scientia
3132 4401 3239 4450 ac
3286 4377 3397 4451 de
3470 4377 3941 4479 apostolicae
3993 4405 4139 4480 po·
4182 4451 4187 4456 .

1372 4513 1693 4587 testatis
1736 4508 2326 4618 plenitudines
2398 4523 2551 4582 aut
2610 4505 2731 4580 ad
2794 4515 3253 4611 quorumvis
3304 4513 3561 4586 etiam
3614 4515 4141 4613 Imperatoris

1363 4662 1458 4720 et
1512 4649 1828 4752 Regum
1846 4690 1882 4725 ,0
1941 4645 2262 4720 Ducum
2317 4657 2405 4719 et
2468 4641 2819 4741 aliorum
2886 4643 3362 4753 Principum
3444 4647 3945 4722 instantiam
4000 4667 4141 4718 seu
